<record><leader>00000cas a2200000 a 4500</leader><controlfield tag="001">12203200</controlfield><controlfield tag="008">850626d18831886ksuwr ne      0    0eng d</controlfield><datafield ind1=" " ind2=" " tag="010"><subfield code="a">sn 85031493 </subfield></datafield><datafield ind1=" " ind2=" " tag="040"><subfield code="a">KSH</subfield><subfield code="b">eng</subfield><subfield code="c">KSH</subfield><subfield code="d">NPT</subfield><subfield code="d">OCL</subfield><subfield code="d">OCLCQ</subfield></datafield><datafield ind1=" " ind2=" " tag="042"><subfield code="a">msc</subfield></datafield><datafield ind1="0" ind2="4" tag="245"><subfield code="a">The Oswego republican.</subfield></datafield><datafield ind1=" " ind2=" " tag="260"><subfield code="a">Oswego, Kan. :</subfield><subfield code="b">I.W. Patrick,</subfield><subfield code="c">1883-1886.</subfield></datafield><datafield ind1=" " ind2=" " tag="300"><subfield code="a">4 v. ;</subfield><subfield code="c">54-59 cm.</subfield></datafield><datafield ind1=" " ind2=" " tag="310"><subfield code="a">Weekly</subfield></datafield><datafield ind1="0" ind2=" " tag="362"><subfield code="a">Vol. 2, no. 32 (Mar. 15, 1883)-v. 6, no. 52 (Dec. 25, 1886).</subfield></datafield><datafield ind1=" " ind2=" " tag="500"><subfield code="a">Published by: F.G. Moore, May 21-Aug. 7, 1885; Abe Steinberger &amp; Co., Aug. 14, 1885-Dec. 25, 1886.</subfield></datafield><datafield ind1=" " ind2=" " tag="752"><subfield code="a">United States</subfield><subfield code="b">Kansas</subfield><subfield code="c">Labette</subfield><subfield code="d">Oswego.</subfield></datafield><datafield ind1="0" ind2="4" tag="780"><subfield code="t">Oswego weekly republican</subfield><subfield code="w">(DLC)sn 85031492</subfield></datafield><datafield ind1="0" ind2="4" tag="780"><subfield code="t">Oswego daily republican</subfield><subfield code="w">(DLC)sn 85031494</subfield></datafield><datafield ind1="0" ind2="0" tag="785"><subfield code="t">Oswego bee</subfield><subfield code="w">(DLC)sn 85031495</subfield></datafield></record>